% ========================================================================
%
%  Área de Teoria Ingenua dos conjuntos
%
% ========================================================================


% ===============================
% Livros
% ===============================
@book{sussana2010-MD,
	title={Discrete mathematics with applications},
	author={Epp, Susanna S},
	year={2010},
	publisher={Cengage learning}
}

@book{menezes2010MD,
	title={Matem{\'a}tica discreta para computa{\c{c}}{\~a}o e inform{\'a}tica},
	author={Menezes, Paulo Blauth and Menezes, Paulo Blauth},
	volume={2},
	year={2010},
	publisher={Bookman}
}

@book{lipschutz2013-MD,
	title={Matem{\'a}tica Discreta-: Cole{\c{c}}{\~a}o Schaum},
	author={Lipschutz, Seymour and Lipson, Marc},
	year={2013},
	publisher={Bookman Editora}
}

@book{carmo2013,
	title={Elementos de Matemática Discreta},
	author={Carmo, José and Gouveia, Paula and Dionísio, Francisco Miguel},
	year={2013},
	publisher={College Publications},
}

@book{halmos2001,
	title={Teoria ing{\^e}nua dos conjuntos},
	author={Halmos, Paul R},
	year={2001},
	publisher={Editora Ci{\^e}ncia Moderna}
}

@book{lipschutz1978-TC,
	title={Teoria dos Conjuntos, ed},
	author={Lipschutz, Seymour},
	year={1978},
	publisher={McGraw-Hill do Brasil}
}

@book{abe1991-TC,
	title={Teoria Intuitiva dos Conjuntos},
	author={Abe, Jair Minoro and Papavero, Nelson},
	year={1991},
	publisher={MAKRON \textit{Books}}
}


% ===============================
% Artigos e coleções
% ===============================
@article{cantor1895,
	title={Beitr{\"a}ge zur Begr{\"u}ndung der transfiniten Mengenlehre},
	author={Cantor, Georg},
	journal={Mathematische Annalen},
	volume={46},
	number={4},
	pages={481--512},
	year={1895},
	publisher={Springer}
}

% ========================================================================
%
%  Área de Lógica
%
% ========================================================================

% ===============================
% Livros de Lógica e Prologo
% ===============================
@book{coq2013,
	title={Interactive theorem proving and program development: Coq’Art: the calculus of inductive constructions},
	author={Bertot, Yves and Cast{\'e}ran, Pierre},
	year={2013},
	publisher={Springer Science \& Business Media}
}

@book{velleman2019comProvar,
	title={How to prove it: A structured approach},
	author={Velleman, Daniel J},
	year={2019},
	publisher={Cambridge University Press}
}

@book{hamilton1988logic,
	title={Logic for mathematicians},
	author={Hamilton, Alan G},
	year={1988},
	publisher={Cambridge University Press}
}

@misc{russel1910principia,
	title={Principia mathematica},
	author={AN, Whitehead and Russell, B},
	year={1910},
	publisher={Cambridge}
}

@book{mendelson2009livro,
  title={Introduction to mathematical logic},
  author={Mendelson, Elliott},
  year={2009},
  publisher={CRC press}
}

@book{palazzo1997,
  title={Introdu{\c{c}}{\~a}o {\`a} programa{\c{c}}{\~a}o Prolog},
  author={Palazzo, Luiz A M},
  year={1997},
  publisher={EDUCAT, Editora da Universidade Cat{\'o}lica de Pelotas}
}

@book{copi1981,
  title={Introdu{\c{c}}{\~a}o {\`a} l{\'o}gica},
  author={Copi, Irving M},
  year={1981},
  publisher={Mestre Jou}
}

@book{mortari2001,
  title={Introdu{\c{c}}{\~a}o {\`a} l{\'o}gica},
  author={Mortari, Cezar A},
  year={2001},
  publisher={Unesp}
}

@book{joaoPavao2014,
  title={Lógica e Raciocínio},
  author={Martins, João Paiva},
  year={2014},
  publisher={College Publications},
}

@book{gentzen1969,
  title={The collected papers of Gerhard Gentzen},
  author={Szabo, Manfred Egon and others},
  volume={74},
  year={1969},
  publisher={North-Holland Amsterdam}
}

@book{edgar2002,
  title={Inicia{\c{c}}{\~a}o {\`a} l{\'o}gica matem{\'a}tica},
  author={de Alencar Filho, Edgard},
  year={2002},
  publisher={NBL Editora}
}

@book{leonidas2002,
  title={Lógica: Cálculo Sentencial, Cálculo de Predicados, Cálculo com Igualdades},
  author={Hegenberg, Leônidas},
  year={2012},
  edition={3ª},
  publisher={GEN}
}

@book{hilbert1999,
  title={Principles of mathematical logic},
  author={Hilbert, David and Ackermann, Wilhelm},
  volume={69},
  year={1999},
  publisher={American Mathematical Soc.}
}

@book{boole1854,
  title={An investigation of the laws of thought: on which are founded the mathematical theories of logic and probabilities},
  author={Boole, George},
  volume={2},
  year={1854},
  publisher={Walton and Maberly}
}

@book{boole1957,
  title={The Laws of Thought},
  author={Boole, George},
  year={1957},
  publisher={Dover, New York (original edition 1854)}
}

@book{tarski1983,
  title={Logic, semantics, metamathematics: papers from 1923 to 1938},
  author={Tarski, Alfred},
  year={1983},
  publisher={Hackett Publishing}
}

@book{nunes2008,
  title={L{\'o}gica para Ci{\^e}ncia da Computa{\c{c}}{\~a}o e Áreas Afins},
  author={de Souza, Jo{\~a}o Nunes},
  year={2008},
  publisher={Elsevier Brasil}
}

@book{ayala2014,
  title={Fundamentos da Programa{\c{c}}ao L{\'o}gica e Funcional—O princ{\i}pio de resolu{\c{c}}ao e a teoria de reescrita—},
  author={Ayala-Rinc{\'o}n, Mauricio and de Moura, FL Cavalcanti},
  publisher={Editora UnB},
  year={2014}
}

@book{robinson2001,
  title={Handbook of automated reasoning},
  author={Robinson, Alan JA and Voronkov, Andrei},
  volume={1},
  year={2001},
  publisher={Elsevier}
}

@book{abe2002-logica,
  title={Introdu{\c{c}}{\~a}o {\`a} L{\'o}gica para a Ci{\^e}ncia da Computa{\c{c}}{\~a}o},
  author={Abe, Jair Minoro},
  year={2002},
  publisher={Arte \& Ci{\^e}ncia}
}

@book{hodges1997,
	title={A shorter model theory},
	author={Hodges, Wilfrid and others},
	year={1997},
	publisher={Cambridge university press}
}

@book{magnus2020,
	title={forall x: Calgary. An Introduction to Formal Logic},
	author={Magnus, P. D. and Button, Tim and Thomas-Bolduc, Aaron and Zach, Richard and Trueman, Robert},
	year={2020}, 
	publisher = {Fall 2020}
}


% ===========================
% Artigos e coleções de lógica
% ===========================
@article{jaskowski1934,
  title={On the rules of supposition in formal logic in the series},
  author={Jaskowski, S},
  journal={{Studia Logica: Wydawnictwo Poswiecone Logice i jej Historii}},
  year={1934}
}

@article{meredith1954,
  title={Single Axioms for the Systems (C,N), (C,O) and (A,N) and of the Two-Valued Propositional Calculus},
  author={Meredith, Carew A},
  journal={J. Comp. Syst.},
  pages = {155-164},
  year={1953}
}

@article{fitch1953,
  title={Symbolic Logic, An Introduction},
  author={Fitch, Frederic Brenton},
  journal={American Journal of Physics},
  volume={21},
  number={3},
  pages={237--237},
  year={1953},
  publisher={American Association of Physics Teachers}
}

@article{robinson1965,
  title={A machine-oriented logic based on the resolution principle},
  author={Robinson, John Alan},
  journal={Journal of the ACM (JACM)},
  volume={12},
  number={1},
  pages={23--41},
  year={1965},
  publisher={ACM New York, NY, USA}
}

@article{lungarzo1972,
	title={La consistencia de la l{\'o}gica intuicionista},
	author={Lungarzo, Carlos Alberto},
	journal={Tarea},
	volume={3},
	pages={119--132},
	year={1972},
	publisher={Universidad Nacional de La Plata. Facultad de Humanidades y Ciencias de la~…}
}

@article{harel1979,
	title={First-order dynamic logic},
	author={Harel, David and others},
	journal={Lecture Notes Computer Sciences},
	number={9},
	pages={133},
	year={1979}
}

@incollection{robinson1983,
  title={The generalized resolution principle},
  author={Robinson, JA},
  booktitle={Automation of Reasoning},
  pages={135--151},
  year={1983},
  publisher={Springer}
}

@article{da2008logica,
	title={L{\'o}gica Paraconsistente e Probabilidade Pragm{\'a}tica no Tratamento de Incertezas},
	author={da Silva Filho, Jo{\~a}o In{\'a}cio},
	journal={Revista Sele{\c{c}}{\~a}o Documental},
	number={9},
	pages={16--27},
	year={2008}
}

@inproceedings{halpern1983,
	title={A hardware semantics based on temporal intervals},
	author={Halpern, Joseph and Manna, Zohar and Moszkowski, Ben},
	booktitle={International Colloquium on Automata, Languages, and Programming},
	pages={278--291},
	year={1983},
	organization={Springer}
}

@inproceedings{manna1979,
	title={The modal logic of programs},
	author={Manna, Zohar and Pnueli, Amir},
	booktitle={International Colloquium on Automata, Languages, and Programming},
	pages={385--409},
	year={1979},
	organization={Springer}
}

% ===========================
% Não publicados de lógica
% ===========================
@unpublished{BenjaV1, 
    author = {Bedregal, Benjamím and Acióly, Benedito Melo},
    title = {Introdução à Lógica Clássica para a Ciência da Computação},
    note = {Notas de aula},
    year= {2007}
}

@unpublished{wos1988,
  title={Automated reasoning: 33 basic research problems},
  author={Wos, Larry},
  year={1988}
}

@unpublished{barreto1998,
  title={Fundamentos de Matemática Aplicada a Informática},
  author={Barreto, Jorge Muniz and Roisenberg, Mauro and Almeida, M. A. F. and Collazos, K.},
  year={1998},
  note = {Acessado em 06/06/2021 na página \url{http://www.inf.ufsc.br/~mauro.roisenberg/ine5381/leituras/apostila.pdf}}
}

% ===============================
% Teses e Dissertações de lógica
% ===============================
@PhdThesis{rodrigues2021,
	author = {Rodrigues, Douglas Alexandre},
	title = {Sobre a lógica da verdade pragmática em cálculo de sequentes},
	school = {Universidade Estadual Paulista },
	address = {São Paulo, Brasil},
	year = {2021}
}

@PhdThesis{silva2018,
	title={A lógica da verdade pragmática em um sistema de tableaux},
	author={Silva, Helen Gomes da},
	year={2018},
	address = {São Paulo, Brasil},
	school = {Universidade Estadual Paulista}
}


% ========================================================================
%
%  Área de Teoria da Computação
%
% ========================================================================


% ===============================
% Livros de Computabilidade
% ===============================
@book{sernadas2006,
  title={Fundamentos de L{\'o}gica e Teoria da Computa{\c{c}}ao},
  author={Sernadas, Am{\i}lcar and Sernadas, Cristina},
  publisher={College Publications},
  note={Coleção: Cadernos de Lógica e Computação},
  year={2012}
}

@book{ullman1992,
  title={Foundations of computer science},
  author={Aho, Alfred V and Ullman, Jeffrey D},
  year={1992},
  publisher={Computer Science Press, Inc.}
}

@book{hopcroft2008,
	title={{Introduction to Automata Theory, Languages and Computation}},
	author={Hopcroft, John E and Motwani, Rajeev and Ullman, Jeffrey D.},
	edition = {3ª},
	publisher={Pearson Education India},
	year={2008},
	Address  = {USA}
}

@book{linz2006,
	title={{An introduction to formal languages and automata}},
	author={Linz, Peter},
	publisher={Jones \& Bartlett Learning},
	year={2006},
	Address  = {USA}
}

@book{benjaLivro2010,
	title={{Introdu{\c{c}}{\~a}o {\`a} Teoria da Computa{\c{c}}{\~a}o: Linguagens Formais, Aut{\^o}matos e Computabilidade}},
	author={Bedregal, Benjamín and Aci{\'o}ly, B M and Lyra, A},
	publisher={Editora UnP},
	year={2010},
	Address  = {Natal}
}

% ========================================================================
%
%  Área de Teoria da Complexidade e análise de algoritmos
%
% ========================================================================


% ===============================================
% Livros de Complexidade e análise de algoritmos
% ===============================================
@book{jaime1994,
  title={Estruturas de Dados e seus Algoritmos},
  author={Szwarcfiter, Jayme Luiz and Markenzon, Lilian},
  volume={2},
  year={1994},
  publisher={Livros Tecnicos e Cientificos}
}


% ========================================================================
%
%  Área de Teoria dos típos
%
% ========================================================================


% ===============================================
% Artigos e coleções
% ===============================================

@inproceedings{sato2003,
	title={Calculi of meta-variables},
	author={Sato, Masahiko and Sakurai, Takafumi and Kameyama, Yukiyoshi and Igarashi, Atsushi},
	booktitle={International Workshop on Computer Science Logic},
	pages={484--497},
	year={2003},
	organization={Springer}
}



% ========================================================================
%
%  Área de Algoritmos e Engenharia de Software
%
% ========================================================================


% ===============================================
% Livros
% ===============================================
@book{pressman2016,
	title={Engenharia de Software-8{\textordfeminine} Edi{\c{c}}{\~a}o},
	author={Pressman, Roger and Maxim, Bruce},
	year={2016},
	publisher={McGraw Hill Brasil}
}

@article{sommerville2011,
	title={Software engineering 9th Edition},
	author={Sommerville, Ian},
	journal={ISBN-10},
	volume={137035152},
	pages={18},
	year={2011}
}



% ========================================================================
%
%  Área de Compiladores
%
% ========================================================================


% ===============================================
% Livros
% ===============================================
@book{aho2007,
	title={Compiladores: princ{\'\i}pios, t{\'e}cnicas e ferramentas, 2{\textordfeminine} edi{\c{c}}{\~a}o},
	author={AHO, Alfred V and LAM, Monica S and SETHI, Ravi and ULLMAN, Jeffrey D},
	year={2007},
	publisher={Editora Pearson}
}

@book{cooper2017,
	title={Construindo Compiladores},
	author={Cooper, Keith and Torczon, Linda},
	volume={1},
	year={2017},
	publisher={Elsevier Brasil}
}